@misc {Koehler-Bussmeier2018,
  title = {Ein einfaches Modell sozialer Selbstorganisation},
  author = {Michael Köhler-Bußmeier},
  date = {2018-08-30},
  institution = {HAW Hamburg},
  note = {Aufgabenbeschreibung zum Praktikum Complex Adaptive Systems im WS18/19}
}